<?xml version="1.0" encoding="UTF-8"?><collection xmlns="http://www.loc.gov/MARC21/slim"><record><leader>00497nam--2200181-i-4500</leader><controlfield tag="001">000039553</controlfield><controlfield tag="002">20161230</controlfield><controlfield tag="005">20161230201042</controlfield><controlfield tag="008">060222s1000------------r-----000-0-eng-d</controlfield><datafield ind1=" " ind2=" " tag="040"><subfield code="a">IFIN-HH</subfield></datafield><datafield ind1=" " ind2=" " tag="080"><subfield code="a">539.2</subfield></datafield><datafield ind1="1" ind2=" " tag="100"><subfield code="a">Rolov, B.N</subfield></datafield><datafield ind1="1" ind2="0" tag="245"><subfield code="a">The condensed state physics</subfield><subfield code="b">Book ii: crystal size effects</subfield><subfield code="c">B.n. rolov, v.e. yurkevich</subfield></datafield><datafield ind1=" " ind2=" " tag="260"><subfield code="a">Riga</subfield><subfield code="b">Latvian State University</subfield><subfield code="c">1978</subfield></datafield><datafield ind1=" " ind2=" " tag="300"><subfield code="a">54 P</subfield></datafield><datafield ind1="1" ind2=" " tag="700"><subfield code="a">Yurkevich, V.E</subfield></datafield><datafield ind1=" " ind2=" " tag="852"><subfield code="a">75817</subfield><subfield code="c">539.2</subfield></datafield><datafield ind1=" " ind2=" " tag="CAT"><subfield code="a">Sys</subfield><subfield code="c">20121127</subfield><subfield code="h">103729</subfield></datafield></record></collection>